@Article{A1,
author = {Eibe Frank and Ian H. Witten},
title = {Generating Accurate Rule Sets Without Global Optimization},
journal = {Machine Learning: Proceedings of the Fifteenth International Conference},
year = {1998}
}

@Article{A2,
author = {Charles L. Forgy},
title = {Rete: A Fast Algorithm for the Many Pattern/Many Object Pattern Match Problem},
journal = {Artificial Inteligence},
year = {1982}
}

@Article{A3,
author = {Rudolf Wille},
title = {Formal Concept Analysis as Mathematical Theory of Concepts and Concept Hierarchies},
journal = {Formal Concept Analysis: Foundations and Applications},
year = {2005}
}

@Article{A4,
author = {William W. Cohen},
title = {Fast Effective Rule Induction},
journal = {Machine Learning: Proceedings of the Twelfth International Conference},
year = {1995}
}

@Article{A5,
author = {Rudolf Wille},
title = {Concept lattices and conceptual knowledge systems},
journal = {Computers Math. Applic.},
volume = {23},
year = {1992}
}

@book{B1,
    author    = {J. Ross Quinlan},
    title     = {C4.5: Programs for machine learning},
    year      = {1993},
    publisher = {Morgan Kaufman Publishers},
    address   = {San Mateo, California}
}

@inbook{B2,
    author    = {José Hernández Orallo, M.José Ramírez Quintana, Cèsar Ferri Ramírez},
    title     = {Introducción a la Minería de Datos},
    year      = {2004},
    chapter	  =  {9},
    publisher = {Editorial Pearson},
    address   = {Madrid}
}

@inbook{B3,
    author    = {Lior Rokach, Oded Maimon},
    title     = {Data mining with decision trees},
    year      = {2008},
    chapter	  =  {3},
    publisher = {World Scientific Publishing Co. Pte. Ltd},
    address   = {Singapore}
}

@inbook{B4,
    author    = {Stuart Russell, Peter Norvig},
    title     = {Artificial Intelligence: A Modern Approach},
    year      = {2009},
    chapter	  =  {18},
    publisher = {Pearson Education, Inc},
    address   = {Upper Saddle River, New Jersey}
}

@MISC{M1,
    author = {S. B. Kotsiantis},
    title = {Supervised Machine Learning: A Review of Classification Techniques. Informatica 31:249-268},
    year = {2007}
}
